@ARTICLE{Brooks1982,
  author = {Brooks, A.~N. and Hughes, T.~J.~R.},
  title = {Streamline Upwind {P}etrov-{G}alerkin Formulations For Convection
	Dominated Flows With Particular Emphasis On the Incompressible {N}avier-{S}tokes
	Equations},
  journal = {Computer Methods in Applied Mechanics and Engineering},
  year = {1982},
  volume = {32},
  pages = {199--259},
  number = {1-3}
}
